=LDR  00000nam a2200000 i 4500
=001  SEED-2025-001
=245  10$a Bloodroot /$b Sanguinaria canadensis.
=260  \\$c 2025.
=300  \\$a Approx. 150 seeds.
=500  \\$a Native wildflower; early spring bloomer with white flowers.
=500  \\$a Source: woodland restoration project, Lanham, MD.
=650  \0$a Native plants -- Mid-Atlantic region.
=650  \0$a Woodland wildflowers.
=710  2\\$a Mid-Atlantic Regional Seed Bank, collector.

