=LDR  00000nam a2200000 i 4500
=001  SEED-2025-002
=245  10$a Correll’s false dragonhead /$b Physostegia correllii.
=260  \\$c 2025.
=300  \\$a Approx. 200 seeds.
=500  \\$a Federally listed rare species. Propagation material for conservation garden network.
=500  \\$a Source: tissue-culture derived sterile seed from conservation collection.
=650  \0$a Rare plants -- Conservation.
=650  \0$a Native flora -- Texas and Louisiana.
=710  2\\$a Mid-Atlantic Regional Seed Bank, collector.

