=LDR  00000nam a2200000 i 4500
=001  SEED-2025-003
=245  10$a Spotted Joe-Pye weed /$b Eutrochium maculatum.
=260  \\$c 2025.
=300  \\$a Approx. 300 seeds.
=500  \\$a Tall native perennial; supports pollinators and butterflies.
=500  \\$a Source: wet meadow seed collection, Lanham, MD.
=650  \0$a Pollinator plants.
=650  \0$a Native perennials -- Eastern United States.
=710  2\\$a Mid-Atlantic Regional Seed Bank, collector.

