=LDR  00000nam a2200000 i 4500
=001  SEED-2025-004
=245  10$a Common milkweed /$b Asclepias syriaca.
=260  \\$c 2025.
=300  \\$a Approx. 250 seeds.
=500  \\$a Host plant for monarch butterflies.
=500  \\$a Source: field collection, Prince George’s County, MD.
=650  \0$a Monarch butterfly -- Host plants.
=650  \0$a Native milkweeds.
=710  2\\$a Mid-Atlantic Regional Seed Bank, collector.

